<record><leader>00000cas a22000007a 4500</leader><controlfield tag="001">18551998</controlfield><controlfield tag="008">881001d18921971iauwr ne      0    0eng d</controlfield><datafield ind1=" " ind2=" " tag="010"><subfield code="a">sn 88059765 </subfield></datafield><datafield ind1=" " ind2=" " tag="040"><subfield code="a">INP</subfield><subfield code="b">eng</subfield><subfield code="c">INP</subfield><subfield code="d">OCLCQ</subfield></datafield><datafield ind1=" " ind2=" " tag="042"><subfield code="a">msc</subfield></datafield><datafield ind1="0" ind2="4" tag="245"><subfield code="a">The Monona leader.</subfield></datafield><datafield ind1=" " ind2=" " tag="260"><subfield code="a">Monona, Clayton County, Iowa :</subfield><subfield code="b">G.H. Otis,</subfield><subfield code="c">1892-1971.</subfield></datafield><datafield ind1=" " ind2=" " tag="300"><subfield code="a">78 v.</subfield></datafield><datafield ind1=" " ind2=" " tag="310"><subfield code="a">Weekly</subfield></datafield><datafield ind1="0" ind2=" " tag="362"><subfield code="a">Vol. 1, no. 1 (May 26, 1892)-78th year, no. 45 (Nov. 11, 1971).</subfield></datafield><datafield ind1=" " ind2=" " tag="500"><subfield code="a">Publisher varies.</subfield></datafield><datafield ind1=" " ind2=" " tag="515"><subfield code="a">Issues for &lt;Apr. 11&gt;-Dec. 26, 1901, called also no. &lt;423&gt;-460; issues for Jan. 2, 1902-&lt;Feb. 14, 1907&gt; called also whole no. 461-&lt;764&gt;.</subfield></datafield><datafield ind1=" " ind2=" " tag="752"><subfield code="a">United States</subfield><subfield code="b">Iowa</subfield><subfield code="c">Clayton</subfield><subfield code="d">Monona.</subfield></datafield><datafield ind1="0" ind2="4" tag="785"><subfield code="t">Clayton County register</subfield><subfield code="w">(DLC)sn 88059766</subfield><subfield code="g">Nov. 1971</subfield></datafield></record>